<?xml version="1.0" encoding="UTF-8"?><collection xmlns="http://www.loc.gov/MARC21/slim"><record><leader>00384nam--2200133-i-4500</leader><controlfield tag="001">000016645</controlfield><controlfield tag="002">20161230</controlfield><controlfield tag="005">20161230201031</controlfield><controlfield tag="008">060222s1000------------r-----000-0-eng-d</controlfield><datafield ind1=" " ind2=" " tag="080"><subfield code="a">681.3.06</subfield></datafield><datafield ind1=" " ind2=" " tag="100"><subfield code="a">Arnold, Ken And Gosling, James</subfield></datafield><datafield ind1=" " ind2=" " tag="245"><subfield code="a">The java tm programming language</subfield></datafield><datafield ind1=" " ind2=" " tag="260"><subfield code="a">Reading, Massachusetts, Addison-wesley Pub. Company, Inc., 1996 Xii + 334 P</subfield></datafield><datafield ind1=" " ind2=" " tag="852"><subfield code="a">80723</subfield></datafield></record></collection>